<?xml version="1.0" encoding="UTF-8"?><collection xmlns="http://www.loc.gov/MARC21/slim"><record><leader>00596nam--2200193-i-4500</leader><controlfield tag="001">000010711</controlfield><controlfield tag="002">20161230</controlfield><controlfield tag="005">20161230201028</controlfield><controlfield tag="008">060222s1000------------r-----000-0-fre-d</controlfield><datafield ind1=" " ind2=" " tag="040"><subfield code="a">IFIN-HH</subfield></datafield><datafield ind1=" " ind2=" " tag="041"><subfield code="a">fre</subfield></datafield><datafield ind1=" " ind2=" " tag="080"><subfield code="a">534.144.3:539.172.13</subfield></datafield><datafield ind1="1" ind2=" " tag="100"><subfield code="a">Adam, A</subfield></datafield><datafield ind1="1" ind2="0" tag="245"><subfield code="a">Etude des premiers niveaux de 90 zr a l aide de la reaction 89 y (d,n) 90 zr induite par des deuterons de 11,5 mev</subfield><subfield code="c">A. adam, d. adam</subfield></datafield><datafield ind1=" " ind2=" " tag="260"><subfield code="a">Bruyeres-le-chatel</subfield><subfield code="b">Centre D'Etudes Nucleaires</subfield><subfield code="c">1973</subfield></datafield><datafield ind1=" " ind2=" " tag="300"><subfield code="a">5 P. + 4 FIGURI</subfield></datafield><datafield ind1="1" ind2=" " tag="700"><subfield code="a">Adam, D</subfield></datafield><datafield ind1=" " ind2=" " tag="852"><subfield code="a">39154</subfield><subfield code="c">539.14</subfield></datafield><datafield ind1=" " ind2=" " tag="CAT"><subfield code="a">Sys</subfield><subfield code="c">20120329</subfield><subfield code="h">100129</subfield></datafield></record></collection>